@inproceedings{gupta2023honeykube,
  title={{HoneyKube: Designing and Deploying a Microservices-based Web Honeypot}},
  author={Gupta, Chakshu and \textbf{Thijs van Ede} and Continella, Andrea},
  booktitle={SecWeb 2023},
  year={2023},
  doi={https://doi.org/10.1109/SPW59333.2023.00005},
}

@inproceedings{marzani2023mobile,
  title={{Mobile App Fingerprinting through Automata Learning and Machine Learning}},
  author={Marzani, Fatemeh and Ghassemi, Fatemeh and Sabahi-Kaviani, Zeynab and \textbf{Thijs van Ede} and van Steen, Maarten},
  booktitle={2023 IFIP Networking Conference (IFIP Networking)},
  pages={1--9},
  year={2023},
  organization={IEEE},
  doi={https://doi.org/10.23919/IFIPNetworking57963.2023.10186420},
}

@inproceedings{vanede2022deepcase,
    title={{DeepCASE: Semi-Supervised Contextual Analysis of Security Events}},
    author={\textbf{Thijs van Ede} and Aghakhani, Hojjat and Spahn, Noah and Bortolameotti, Riccardo and Cova, Marco and Continella, Andrea and van Steen, Maarten and Peter, Andreas and Kruegel, Christopher and Vigna, Giovanni},
    booktitle={IEEE Symposium on Security and Privacy (SP). IEEE},
    year={2022},
    organization={IEEE},
    doi={https://doi.org/10.1109/SP46214.2022.9833671},
}

@inproceedings{vanede2022misdet,
	title={{Detecting Anomalous Misconfigurations in AWS Identity and Access Management Policies}},
	author={\textbf{Thijs van Ede} and Khasuntsev, Niek and Steen, Bas and Continella, Andrea},
	booktitle={Proceedings of the ACM Cloud Computing Security Workshop (CCSW)},
	year={2022},
	organization={ACM},
	doi={https://doi.org/10.1145/3560810.3564264},
}

@inproceedings{morgese2022mud,
	title={{Stepping out of the MUD: Contextual threat information for IoT devices with manufacturer-provided behaviour profiles}},
	author={Morgese Zangrandi, Luca and \textbf{Thijs van Ede} and Booij, Tim and Sciancalepore, Savio and Allodi, Luca and Continella, Andrea},
	booktitle={Proceedings of the Annual Computer Security Applications Conference (ACSAC)},
	year={2022},
	organization={ACSAC},
	doi={https://doi.org/10.1145/3564625.3564644},
}

@inproceedings{meijer2022fedlab,
	title={{Federated Lab (FedLab): An Open-source Distributed Platform for Internet of Things (IoT) Research and Experimentation}},
	author={Meijer, Max and Tommaso Petrucci, Giacomo and Schotsman, Matthijs and Morgese, Luca and \textbf{Thijs van Ede} and Continella, Andrea and Gankhuyang, Ganduulga and Allodi, Luca and Sciancalepore, Savio},
	booktitle={Proceedings of the 8th World Forum on Internet of Things (WF-IOT)},
	year={2022},
	organization={IEEE},
	doi={https://doi.org/10.1109/WF-IoT54382.2022.10152136},
}

@inproceedings{vanede2020flowprint,
  title={{FlowPrint: Semi-Supervised Mobile-App Fingerprinting on Encrypted Network Traffic}},
  author={\textbf{Thijs van Ede} and Bortolameotti, Riccardo and Continella, Andrea and Ren, Jingjing and Dubois, Daniel J. and Lindorfer, Martina and Choffness, David and van Steen, Maarten, and Peter, Andreas},
  booktitle={Proceedings of the ISOC Network and Distributed System Security Symposium (NDSS)},
  year={2020},
  organization={The Internet Society},
  doi={https://dx.doi.org/10.14722/ndss.2020.24412},
}

@inproceedings{bortolameotti_headprint20,
	address = {Brno, Czech Republic},
	author = {Riccardo Bortolameotti and \textbf{Thijs van Ede} and Andrea Continella and Thomas Hupperich and Maarten Everts and Reza Rafati and Willem Jonker and Pieter Hartel and Andreas Peter},
	booktitle = {Proceedings of the ACM Symposium on Applied Computing (SAC)},
	title = {HeadPrint: Detecting Anomalous Communications through Header-based Application Fingerprinting},
	year = {2020},
	doi={https://doi.org/10.1145/3341105.3373862},
}

@inproceedings{bortolameotti2019victim,
	title={Victim-Aware Adaptive Covert Channels},
	author={Bortolameotti, Riccardo and \textbf{Thijs van Ede} and Continella, Andrea and Everts, Maarten and Jonker, Willem and Hartel, Pieter and Peter, Andreas},
	booktitle={International Conference on Security and Privacy in Communication Systems (SecureComm)},
	pages={450--471},
	year={2019},
	organization={Springer},
	doi={https://doi.org/10.1007/978-3-030-37228-6_22},
}

@inproceedings{bortolameotti2017decanter,
	title={Decanter: Detection of anomalous outbound http traffic by passive application fingerprinting},
	author={Bortolameotti, Riccardo and \textbf{Thijs van Ede} and Caselli, Marco and Everts, Maarten H. and Hartel, Pieter and Hofstede, Rick and Jonker, Willem and Peter, Andreas},
	booktitle={Proceedings of the 33rd Annual Computer Security Applications Conference (ACSAC)},
	pages={373--386},
	year={2017},
	doi={https://doi.org/10.1145/3134600.3134605},
}